@misc{wpAOV,
  title={Analysis of variance},
  author={Wikipedia},
  year={2013},
  url={https://en.wikipedia.org/w/index.php?title=Analysis_of_variance&oldid=552674312}
}

@misc{wpBOOT,
  title={Bootstrapping},
  author={Wikipedia},
  year={2013},
  url={https://en.wikipedia.org/w/index.php?title=Bootstrapping&oldid=553800549}
}

@misc{wpCLOJURE,
  title={Clojure},
  author={Wikipedia},
  year={2013},
  url={https://en.wikipedia.org/w/index.php?title=Clojure&oldid=552903619}
}

@misc{wpDB,
  title={Database},
  author={Wikipedia},
  year={2013},
  url={https://en.wikipedia.org/w/index.php?title=Database&oldid=552856988}
}

@misc{wpDT,
  title={Decision tree},
  author={Wikipedia},
  year={2013},
  url={https://en.wikipedia.org/w/index.php?title=Decision_tree&oldid=553150682}
}

@misc{wpEL,
  title={Ensemble learning},
  author={Wikipedia},
  year={2013},
  url={https://en.wikipedia.org/w/index.php?title=Ensemble_learning&oldid=552635358}
}

@misc{wpES,
  title={Expert system},
  author={Wikipedia},
  year={2013},
  url={https://en.wikipedia.org/w/index.php?title=Expert_system&oldid=553130112}
}

@misc{wpFL,
  title={Fuzzy logic},
  author={Wikipedia},
  year={2013},
  url={https://en.wikipedia.org/w/index.php?title=Fuzzy_logic&oldid=554084074}
}

@misc{wpFS,
  title={Fuzzy set},
  author={Wikipedia},
  year={2013},
  url={https://en.wikipedia.org/w/index.php?title=Fuzzy_set&oldid=552201293}
}

@misc{wpGINI,
  title={Gini coefficient},
  author={Wikipedia},
  year={2013},
  url={https://en.wikipedia.org/w/index.php?title=Gini_coefficient&oldid=555394466}
}

@misc{wpHOPL,
  title={History of programming languages},
  author={Wikipedia},
  year={2013},
  url={https://en.wikipedia.org/w/index.php?title=History_of_programming_languages&oldid=551008740}
}

@misc{wpLP,
  title={Logic programming},
  author={Wikipedia},
  year={2013},
  url={https://en.wikipedia.org/w/index.php?title=Logic_programming&oldid=551620750}
}

@misc{wpLR,
  title={Linear regression},
  author={Wikipedia},
  year={2013},
  url={https://en.wikipedia.org/w/index.php?title=Linear_regression&oldid=553168797}
}

@misc{wpML,
  title={Machine learning},
  author={Wikipedia},
  year={2013},
  url={https://en.wikipedia.org/w/index.php?title=Machine_learning&oldid=552683867}
}

@misc{wpNN,
  title={Artificial neural network},
  author={Wikipedia},
  year={2013},
  url={https://en.wikipedia.org/w/index.php?title=Artificial_neural_network&oldid=551483619}
}

@misc{wpOF,
  title={Overfitting},
  author={Wikipedia},
  year={2013},
  url={https://en.wikipedia.org/w/index.php?title=Overfitting&oldid=543681560}
}

@misc{wpPCA,
  title={Principal component analysis},
  author={Wikipedia},
  year={2013},
  url={https://en.wikipedia.org/w/index.php?title=Principal_component_analysis&oldid=554710521}
}

@misc{wpRA,
  title={Regression analysis},
  author={Wikipedia},
  year={2013},
  url={https://en.wikipedia.org/w/index.php?title=Regression_analysis&oldid=553084781}
}

@misc{wpRF,
  title={Random forest},
  author={Wikipedia},
  year={2013},
  url={https://en.wikipedia.org/w/index.php?title=Random_forest&oldid=554887443}
}

@misc{wpTREE,
  title={Tree (data structure)},
  author={Wikipedia},
  year={2013},
  url={https://en.wikipedia.org/w/index.php?title=Tree_%28data_structure%29&oldid=552554736}
}

@article{banfield2007comparison,
  title={A comparison of decision tree ensemble creation techniques},
  author={Banfield, Robert E and Hall, Lawrence O and Bowyer, Kevin W and Kegelmeyer, W Philip},
  journal={Pattern Analysis and Machine Intelligence, IEEE Transactions on},
  volume={29},
  number={1},
  pages={173--180},
  year={2007},
  publisher={IEEE}
}

@inproceedings{bonissone2008fuzzy,
  title={A fuzzy random forest: Fundamental for design and construction},
  author={Bonissone, PP and Cadenas, JM and Garrido, MC and D{\i}az-Valladares, RA},
  booktitle={Proceedings of the 12th International Conference on Information Processing and Management of Uncertainty in Knowledge-Based Systems (IPMUâ€™08)},
  pages={1231--1238},
  year={2008}
}

@inproceedings{van2012accelerating,
  title={Accelerating a random forest classifier: multi-core, GP-GPU, or FPGA?},
  author={Van Essen, Brian and Macaraeg, Chris and Gokhale, Maya and Prenger, Ryan},
  booktitle={Field-Programmable Custom Computing Machines (FCCM), 2012 IEEE 20th Annual International Symposium on},
  pages={232--239},
  year={2012},
  organization={IEEE}
}

@article{bauer1999empirical,
  title={An empirical comparison of voting classification algorithms: Bagging, boosting, and variants},
  author={Bauer, Eric and Kohavi, Ron},
  journal={Machine Learning},
  volume={36},
  number={1-2},
  pages={105--139},
  year={1999},
  publisher={Springer}
}

@article{dietterich2000experimental,
  title={An experimental comparison of three methods for constructing ensembles of decision trees: Bagging, boosting, and randomization},
  author={Dietterich, Thomas G},
  journal={Machine Learning},
  volume={40},
  number={2},
  pages={139--157},
  year={2000},
  publisher={Springer}
}

@article{strobl2009introduction,
  title={An introduction to recursive partitioning: Rationale, application and characteristics of classification and regression trees, bagging and random forests},
  author={Strobl, Carolin and Malley, James and Tutz, Gerhard},
  journal={Psychological Methods},
  volume={14},
  number={4},
  pages={323},
  year={2009},
  publisher={NIH Public Access}
}

@article{karpievitch2009introspective,
  title={An introspective comparison of random forest-based classifiers for the analysis of cluster-correlated data by way of RF++},
  author={Karpievitch, Yuliya V and Hill, Elizabeth G and Leclerc, Anthony P and Dabney, Alan R and Almeida, Jonas S},
  journal={PloS one},
  volume={4},
  number={9},
  pages={e7087},
  year={2009},
  publisher={Public Library of Science}
}

@article{biau2012analysis,
  title={Analysis of a random forests model},
  author={Biau, G{\'e}rard},
  journal={The Journal of Machine Learning Research},
  volume={98888},
  pages={1063--1095},
  year={2012},
  publisher={JMLR. org}
}

@article{zhang2012bias,
  title={Bias-corrected random forests in regression},
  author={Zhang, Guoyi and Lu, Yan},
  journal={Journal of Applied Statistics},
  volume={39},
  number={1},
  pages={151--160},
  year={2012},
  publisher={Taylor \& Francis}
}

@article{liaw2002classification,
  title={Classification and Regression by randomForest},
  author={Liaw, Andy and Wiener, Matthew},
  journal={R news},
  volume={2},
  number={3},
  pages={18--22},
  year={2002}
}

@article{strobl2008conditional,
  title={Conditional variable importance for random forests},
  author={Strobl, Carolin and Boulesteix, Anne-Laure and Kneib, Thomas and Augustin, Thomas and Zeileis, Achim},
  journal={BMC Bioinformatics},
  volume={9},
  number={1},
  pages={307},
  year={2008},
  publisher={BioMed Central Ltd}
}

@article{xie2009customer,
  title={Customer churn prediction using improved balanced random forests},
  author={Xie, Yaya and Li, Xiu and Ngai, EWT and Ying, Weiyun},
  journal={Expert Systems with Applications},
  volume={36},
  number={3},
  pages={5445--5449},
  year={2009},
  publisher={Elsevier}
}

@incollection{kobylinski2008definition,
  title={Definition extraction with balanced random forests},
  author={Kobyli{\'n}ski, {\L}ukasz and Przepi{\'o}rkowski, Adam},
  booktitle={Advances in Natural Language Processing},
  pages={237--247},
  year={2008},
  publisher={Springer}
}

@article{bernard2012dynamic,
  title={Dynamic random forests},
  author={Bernard, Simon and Adam, S{\'e}bastien and Heutte, Laurent},
  journal={Pattern Recognition Letters},
  year={2012},
  publisher={Elsevier}
}

@incollection{dietterich2000ensemble,
  title={Ensemble methods in machine learning},
  author={Dietterich, Thomas G},
  booktitle={Multiple classifier systems},
  pages={1--15},
  year={2000},
  publisher={Springer}
}

@article{cadenas2012extending,
  title={Extending information processing in a Fuzzy Random Forest ensemble},
  author={Cadenas, Jose M and Garrido, M Carmen and Mart{\'\i}nez, Raquel and Bonissone, Piero P},
  journal={Soft Computing},
  volume={16},
  number={5},
  pages={845--861},
  year={2012},
  publisher={Springer}
}

@article{geurts2006extremely,
  title={Extremely randomized trees},
  author={Geurts, Pierre and Ernst, Damien and Wehenkel, Louis},
  journal={Machine Learning},
  volume={63},
  number={1},
  pages={3--42},
  year={2006},
  publisher={Springer}
}

@article{moosmann2007fast,
  title={Fast discriminative visual codebooks using randomized clustering forests},
  author={Moosmann, Frank and Triggs, Bill and Jurie, Frederic and others},
  journal={Advances in Neural Information Processing Systems 19},
  pages={985--992},
  year={2007}
}

@incollection{bernard2008forest,
  title={Forest-rk: A new random forest induction method},
  author={Bernard, Simon and Heutte, Laurent and Adam, S{\'e}bastien},
  booktitle={Advanced Intelligent Computing Theories and Applications. With Aspects of Artificial Intelligence},
  pages={430--437},
  year={2008},
  publisher={Springer}
}

@incollection{robnik2004improving,
  title={Improving random forests},
  author={Robnik-{\v{S}}ikonja, Marko},
  booktitle={Machine Learning: ECML 2004},
  pages={359--370},
  year={2004},
  publisher={Springer}
}

@article{ham2005investigation,
  title={Investigation of the random forest framework for classification of hyperspectral data},
  author={Ham, Jisoo and Chen, Yangchi and Crawford, Melba M and Ghosh, Joydeep},
  journal={Geoscience and Remote Sensing, IEEE Transactions on},
  volume={43},
  number={3},
  pages={492--501},
  year={2005},
  publisher={IEEE}
}

@incollection{liu2005maximizing,
  title={Maximizing tree diversity by building complete-random decision trees},
  author={Liu, Fei Tony and Ting, Kai Ming and Fan, Wei},
  booktitle={Advances in Knowledge Discovery and Data Mining},
  pages={605--610},
  year={2005},
  publisher={Springer}
}

@inproceedings{zhang2005network,
  title={Network intrusion detection using random forests},
  author={Zhang, Jiong and Zulkernine, Mohammad},
  booktitle={Proc. of the Third Annual Conference on Privacy, Security and Trust},
  pages={53--61},
  year={2005}
}

@article{prasad2006newer,
  title={Newer classification and regression tree techniques: bagging and random forests for ecological prediction},
  author={Prasad, Anantha M and Iverson, Louis R and Liaw, Andy},
  journal={Ecosystems},
  volume={9},
  number={2},
  pages={181--199},
  year={2006},
  publisher={Springer}
}

@inproceedings{elgawi2008online,
  title={Online random forests based on CorrFS and CorrBE},
  author={Elgawi, Osman Hassab},
  booktitle={Computer Vision and Pattern Recognition Workshops, 2008. CVPRW'08. IEEE Computer Society Conference on},
  pages={1--7},
  year={2008},
  organization={IEEE}
}

@article{cutler2001pert,
  title={PERT-perfect random tree ensembles},
  author={Cutler, Adele and Zhao, Guohua},
  journal={Computing Science and Statistics},
  volume={33},
  pages={490--497},
  year={2001}
}

@article{breiman2001random,
  title={Random forests},
  author={Breiman, Leo},
  journal={Machine Learning},
  volume={45},
  number={1},
  pages={5--32},
  year={2001},
  publisher={Springer}
}

@article{lin2006random,
  title={Random forests and adaptive nearest neighbors},
  author={Lin, Yi and Jeon, Yongho},
  journal={Journal of the American Statistical Association},
  volume={101},
  number={474},
  pages={578--590},
  year={2006},
  publisher={American Statistical Association}
}

@inproceedings{xu2004random,
  title={Random forests in language modeling},
  author={Xu, Peng and Jelinek, Frederick},
  booktitle={Proc. EMNLP},
  year={2004}
}

@article{maudes2012random,
  title={Random feature weights for decision tree ensemble construction},
  author={Maudes, Jes{\'u}s and Rodr{\'\i}guez, Juan J and Garc{\'\i}a-Osorio, C{\'e}sar and Garc{\'\i}a-Pedrajas, Nicol{\'a}s},
  journal={Information Fusion},
  volume={13},
  number={1},
  pages={20--30},
  year={2012},
  publisher={Elsevier}
}

@inproceedings{guo2004robust,
  title={Robust prediction of fault-proneness by random forests},
  author={Guo, Lan and Ma, Yan and Cukic, Bojan and Singh, Harshinder},
  booktitle={Software Reliability Engineering, 2004. ISSRE 2004. 15th International Symposium on},
  pages={417--428},
  year={2004},
  organization={IEEE}
}

@article{rodriguez2006rotation,
  title={Rotation forest: A new classifier ensemble method},
  author={Rodriguez, Juan J and Kuncheva, Ludmila I and Alonso, Carlos J},
  journal={Pattern Analysis and Machine Intelligence, IEEE Transactions on},
  volume={28},
  number={10},
  pages={1619--1630},
  year={2006},
  publisher={IEEE}
}

@article{gromping2009variable,
  title={Variable importance assessment in regression: linear regression versus random forest},
  author={Gr{\"o}mping, Ulrike},
  journal={The American Statistician},
  volume={63},
  number={4},
  pages={308--319},
  year={2009},
  publisher={Taylor \& Francis}
}

@Manual{rproject2012,
  title = {R: A Language and Environment for Statistical Computing},
  author = {{R Core Team}},
  organization = {R Foundation for Statistical Computing},
  address = {Vienna, Austria},
  year = {2012},
  note = {{ISBN} 3-900051-07-0},
  url = {http://www.R-project.org/},
}

@article{breiman1996bagging,
  title={Bagging predictors},
  author={Breiman, Leo},
  journal={Machine learning},
  volume={24},
  number={2},
  pages={123--140},
  year={1996},
  publisher={Springer}
}

@article{ho1998random,
  title={The random subspace method for constructing decision forests},
  author={Ho, Tin Kam},
  journal={Pattern Analysis and Machine Intelligence, IEEE Transactions on},
  volume={20},
  number={8},
  pages={832--844},
  year={1998},
  publisher={IEEE}
}

@article{Polikar:2009,
  author = {Polikar, R.},
  title = {Ensemble learning},
  year = 2009,
  journal = {Scholarpedia},
  volume = {4},
  number = {1},
  pages = {2776}
}

@article{long2010random,
  title={Random classification noise defeats all convex potential boosters},
  author={Long, Philip M and Servedio, Rocco A},
  journal={Machine Learning},
  volume={78},
  number={3},
  pages={287--304},
  year={2010},
  publisher={Springer}
}

@inproceedings{freund1995decision,
  title={A decision-theoretic generalization of on-line learning and an application to boosting},
  author={Freund, Yoav and Schapire, Robert E},
  booktitle={Computational learning theory},
  pages={23--37},
  year={1995},
  organization={Springer}
}

@article{hall2009weka,
  title={The WEKA data mining software: an update},
  author={Hall, Mark and Frank, Eibe and Holmes, Geoffrey and Pfahringer, Bernhard and Reutemann, Peter and Witten, Ian H},
  journal={ACM SIGKDD Explorations Newsletter},
  volume={11},
  number={1},
  pages={10--18},
  year={2009},
  publisher={ACM}
}

@article{strobl2007bias,
  title={Bias in random forest variable importance measures: Illustrations, sources and a solution},
  author={Strobl, Carolin and Boulesteix, Anne-Laure and Zeileis, Achim and Hothorn, Torsten},
  journal={BMC bioinformatics},
  volume={8},
  number={1},
  pages={25},
  year={2007},
  publisher={BioMed Central Ltd}
}

